
@misc{de2013valencia,
  title={de Valencia “Modelo Canvas”. Manual. Como dise{\~n}ar tu modelo de negocio},
  author={ de Empresas Innovadoras, CEEI-Centro Europeo},
  year={2013},
  publisher={Valencia, Edici{\'o}n}
}

@online{practice,
	title={Generación de modelos de negocio},
	author={Alexander Osterwalder },
	year={2015},
	url={https://www.tablerodecomando.com/business-model-canvas-el-libro/},
}
